<record><leader>00000cas a22000001a 4500</leader><controlfield tag="001">32879177</controlfield><controlfield tag="007">hd afa015baca</controlfield><controlfield tag="007">hd bfa015baaa</controlfield><controlfield tag="008">950726d18941902nyudn nea     0    0yid d</controlfield><datafield ind1=" " ind2=" " tag="010"><subfield code="a">sn 94093779 </subfield></datafield><datafield ind1=" " ind2=" " tag="040"><subfield code="a">NN</subfield><subfield code="b">eng</subfield><subfield code="c">RQM</subfield><subfield code="d">OCLCQ</subfield><subfield code="d">OCLCF</subfield><subfield code="d">OCLCO</subfield><subfield code="d">OCLCQ</subfield></datafield><datafield ind1=" " ind2=" " tag="012"><subfield code="i">9507</subfield></datafield><datafield ind1="0" ind2=" " tag="041"><subfield code="a">yid</subfield><subfield code="a">eng</subfield><subfield code="a">ger</subfield></datafield><datafield ind1=" " ind2=" " tag="042"><subfield code="a">msc</subfield></datafield><datafield ind1=" " ind2=" " tag="043"><subfield code="a">n-us---</subfield></datafield><datafield ind1="0" ind2="4" tag="245"><subfield code="a">Das Abend-Blatt =</subfield><subfield code="b">Evening paper.</subfield></datafield><datafield ind1="3" ind2="1" tag="246"><subfield code="a">Evening paper</subfield></datafield><datafield ind1="1" ind2="3" tag="246"><subfield code="a">Abend-Blatt fu&#776;r die &quot;Arbeiter Zeitung&quot;</subfield></datafield><datafield ind1="3" ind2=" " tag="246"><subfield code="a">Zunt&#803;ag abend-blat&#803;t&#803;</subfield></datafield><datafield ind1="3" ind2=" " tag="246"><subfield code="a">Sunday evening news</subfield></datafield><datafield ind1=" " ind2=" " tag="260"><subfield code="a">New York [N.Y.] :</subfield><subfield code="b">Arbeiter Zeitung Pub. Association,</subfield><subfield code="c">1894-1902.</subfield></datafield><datafield ind1=" " ind2=" " tag="300"><subfield code="a">9 volumes :</subfield><subfield code="b">illustrations</subfield></datafield><datafield ind1=" " ind2=" " tag="310"><subfield code="a">Daily (except Wed.)</subfield></datafield><datafield ind1=" " ind2=" " tag="336"><subfield code="a">text</subfield><subfield code="b">txt</subfield><subfield code="2">rdacontent</subfield></datafield><datafield ind1=" " ind2=" " tag="337"><subfield code="a">microform</subfield><subfield code="b">h</subfield><subfield code="2">rdamedia</subfield></datafield><datafield ind1=" " ind2=" " tag="338"><subfield code="a">microfilm reel</subfield><subfield code="b">hd</subfield><subfield code="2">rdacarrier</subfield></datafield><datafield ind1="0" ind2=" " tag="362"><subfield code="a">Vol. 1, no. 1 (Oct. 15, 1894)-v. 9, no. 2337 (Apr. 12, 1902).</subfield></datafield><datafield ind1=" " ind2=" " tag="500"><subfield code="a">Masthead reads, "New York &amp; Philadelphia."</subfield></datafield><datafield ind1=" " ind2=" " tag="500"><subfield code="a">On Sundays published as: Zunt&#803;ags abend-blat&#803;t&#803; = Sunday evening news, &lt;Apr. 24-June 5, 1898&gt;.</subfield></datafield><datafield ind1=" " ind2=" " tag="525"><subfield code="a">Fu&#776;r die &quot;Arbayter Tsaytung&quot; (some vols. include Sunday supplements of &quot;Arbeiter Zeitung&quot;).</subfield></datafield><datafield ind1=" " ind2=" " tag="546"><subfield code="a">In Yiddish, English and German.</subfield></datafield><datafield ind1=" " ind2=" " tag="550"><subfield code="a">Official organ of the United Hebrew Trades, 1894-&lt;1895&gt;.</subfield></datafield><datafield ind1=" " ind2=" " tag="550"><subfield code="a">Official organ of the Socialist Labor Party of North America and Socialist Trade and Labor Alliances, &lt;1901-1902&gt;.</subfield></datafield><datafield ind1=" " ind2=" " tag="533"><subfield code="a">Microfilm.</subfield><subfield code="m">v.1-9 (1894-1902):[Gaps]</subfield><subfield code="b">New York :</subfield><subfield code="c">New York Public Library,</subfield><subfield code="d">[19--].</subfield><subfield code="e">18 microfilm reels ; 35 mm.</subfield></datafield><datafield ind1=" " ind2="0" tag="650"><subfield code="a">Jewish newspapers</subfield><subfield code="z">United States.</subfield></datafield><datafield ind1=" " ind2="0" tag="650"><subfield code="a">Socialism</subfield><subfield code="z">United States</subfield><subfield code="v">Newspapers.</subfield></datafield><datafield ind1=" " ind2="4" tag="651"><subfield code="a">New York (N.Y.)</subfield><subfield code="v">Newspapers.</subfield></datafield><datafield ind1=" " ind2="7" tag="650"><subfield code="a">Jewish newspapers.</subfield><subfield code="2">fast</subfield><subfield code="0">(OCoLC)fst00982872</subfield></datafield><datafield ind1=" " ind2="7" tag="650"><subfield code="a">Socialism.</subfield><subfield code="2">fast</subfield><subfield code="0">(OCoLC)fst01123637</subfield></datafield><datafield ind1=" " ind2="7" tag="651"><subfield code="a">United States.</subfield><subfield code="2">fast</subfield><subfield code="0">(OCoLC)fst01204155</subfield></datafield><datafield ind1=" " ind2="7" tag="655"><subfield code="a">Newspapers.</subfield><subfield code="2">fast</subfield><subfield code="0">(OCoLC)fst01423814</subfield></datafield><datafield ind1="2" ind2=" " tag="710"><subfield code="a">United Hebrew Trades.</subfield></datafield><datafield ind1="2" ind2=" " tag="710"><subfield code="a">Socialist Labor Party.</subfield></datafield><datafield ind1="2" ind2=" " tag="710"><subfield code="a">Socialist Trade and Labor Alliance.</subfield></datafield><datafield ind1=" " ind2=" " tag="752"><subfield code="a">United States</subfield><subfield code="b">New York</subfield><subfield code="c">New York</subfield><subfield code="d">New York.</subfield></datafield><datafield ind1="1" ind2=" " tag="770"><subfield code="t">Arbayter Tsaytung</subfield><subfield code="w">(DLC)sn 94086963</subfield></datafield><datafield ind1="1" ind2=" " tag="776"><subfield code="c">Original</subfield><subfield code="w">(DLC)sn 84031124</subfield></datafield><datafield ind1=" " ind2=" " tag="850"><subfield code="a">NN</subfield><subfield code="a">NN (master)</subfield></datafield><datafield ind1="1" ind2=" " tag="029"><subfield code="a">AU@</subfield><subfield code="b">000025856698</subfield></datafield></record>